<record><leader>00000cas a2200000 a 4500</leader><controlfield tag="001">51638382</controlfield><controlfield tag="007">hd afa014baca</controlfield><controlfield tag="007">hd bfa014baaa</controlfield><controlfield tag="007">hd bfa014baba</controlfield><controlfield tag="008">030213d183418uuohuwr nea     0    0eng c</controlfield><datafield ind1=" " ind2=" " tag="010"><subfield code="a">  2003221001</subfield></datafield><datafield ind1=" " ind2=" " tag="040"><subfield code="a">ATL</subfield><subfield code="b">eng</subfield><subfield code="c">ATL</subfield><subfield code="d">OCLCQ</subfield><subfield code="d">OCLCF</subfield><subfield code="d">OCLCO</subfield><subfield code="d">OCLCQ</subfield></datafield><datafield ind1=" " ind2=" " tag="042"><subfield code="a">pcc</subfield></datafield><datafield ind1=" " ind2=" " tag="043"><subfield code="a">n-us-oh</subfield></datafield><datafield ind1="1" ind2="4" tag="050"><subfield code="a">BX6201</subfield></datafield><datafield ind1="0" ind2="4" tag="245"><subfield code="a">The Cross &amp; Baptist journal of the Mississippi Valley.</subfield></datafield><datafield ind1="1" ind2="7" tag="246"><subfield code="a">Cross and Baptist journal</subfield></datafield><datafield ind1="3" ind2=" " tag="246"><subfield code="a">Cross and Baptist journal of the Mississippi Valley</subfield></datafield><datafield ind1="1" ind2="3" tag="246"><subfield code="a">Cross and journal</subfield></datafield><datafield ind1=" " ind2=" " tag="260"><subfield code="a">Cincinnati [Ohio] :</subfield><subfield code="b">N.S. Johnson &amp; U.B. Chambers,</subfield><subfield code="c">1834-</subfield></datafield><datafield ind1=" " ind2=" " tag="300"><subfield code="a">volumes ;</subfield><subfield code="c">54 cm</subfield></datafield><datafield ind1=" " ind2=" " tag="310"><subfield code="a">Weekly</subfield></datafield><datafield ind1=" " ind2=" " tag="336"><subfield code="a">text</subfield><subfield code="b">txt</subfield><subfield code="2">rdacontent</subfield></datafield><datafield ind1=" " ind2=" " tag="337"><subfield code="a">microform</subfield><subfield code="b">h</subfield><subfield code="2">rdamedia</subfield></datafield><datafield ind1=" " ind2=" " tag="338"><subfield code="a">microfilm reel</subfield><subfield code="b">hd</subfield><subfield code="2">rdacarrier</subfield></datafield><datafield ind1="0" ind2=" " tag="362"><subfield code="a">New ser., v. 1, no. 1 (Mar. 28, 1834)-</subfield></datafield><datafield ind1=" " ind2=" " tag="515"><subfield code="a">Issues for Mar. 28, 1834-Mar. 16, 1838 called also: Baptist weekly journal, v. 3, no. 34-v. 7, no. 33 = whole no. 138-whole no. 345; and The Cross, v. 2, no. 17-v. 6, no. 15 = whole no. 69-whole no. 275.</subfield></datafield><datafield ind1=" " ind2=" " tag="515"><subfield code="a">Issues for July 3, 1835-Mar. 16, 1838 called new ser., v. 2, no. 15-v. 4, no. 52 and whole no. 67-whole no. 208; issue for Mar. 23, 1838 called Cross and journal, v. 5, no. 1 and whole no. 346; issues for Mar. 30, 1838-&lt;May 31, 1839&gt; called Cross and journal, v. 5, no. 2-&lt;6, no. 4&gt; and Baptist w. journal, whole no. 347-whole no. &lt;401&gt;.</subfield></datafield><datafield ind1=" " ind2=" " tag="580"><subfield code="a">Formed by the union of: The Baptist weekly journal of the Mississippi Valley, and: The Cross.</subfield></datafield><datafield ind1=" " ind2=" " tag="588"><subfield code="a">Latest issue consulted: Vol. 6, no. 4 (May 31, 1839).</subfield></datafield><datafield ind1=" " ind2=" " tag="533"><subfield code="a">Microfilm.</subfield><subfield code="m">n.s., v.1-6:no. 4 (1834-May 31, 1839):[Lacks:v.3:no. 3,27,30,37;v.5:no. 16-38,40-52;v.6:no. 1-3]</subfield><subfield code="b">Chicago, Ill. :</subfield><subfield code="c">American Theological Library Association,</subfield><subfield code="d">1979.</subfield><subfield code="e">2 microfilm reels ; 35 mm.</subfield><subfield code="f">(ATLA serials preservation program ; ATLA film R0105B).</subfield><subfield code="n">Reel 1 includes: Baptist weekly journal of the Mississippi Valley; reel 2 includes: some issues of: The Cross and journal.</subfield></datafield><datafield ind1=" " ind2="0" tag="650"><subfield code="a">Baptists</subfield><subfield code="v">Newspapers.</subfield></datafield><datafield ind1=" " ind2="0" tag="651"><subfield code="a">Cincinnati (Ohio)</subfield><subfield code="v">Newspapers.</subfield></datafield><datafield ind1=" " ind2="7" tag="650"><subfield code="a">Baptists.</subfield><subfield code="2">fast</subfield><subfield code="0">(OCoLC)fst00827285</subfield></datafield><datafield ind1=" " ind2="7" tag="651"><subfield code="a">Ohio</subfield><subfield code="z">Cincinnati.</subfield><subfield code="2">fast</subfield><subfield code="0">(OCoLC)fst01205142</subfield></datafield><datafield ind1=" " ind2="7" tag="655"><subfield code="a">Newspapers.</subfield><subfield code="2">fast</subfield><subfield code="0">(OCoLC)fst01423814</subfield></datafield><datafield ind1=" " ind2=" " tag="752"><subfield code="a">United States</subfield><subfield code="b">Ohio</subfield><subfield code="c">Hamilton</subfield><subfield code="d">Cincinnati.</subfield></datafield><datafield ind1="1" ind2=" " tag="776"><subfield code="c">Original</subfield><subfield code="w">(DLC)sn 86090482</subfield><subfield code="w">(OCoLC)14936965</subfield></datafield><datafield ind1="1" ind2="4" tag="780"><subfield code="t">Baptist weekly journal of the Mississippi Valley</subfield><subfield code="w">(DLC)  2003221000</subfield><subfield code="w">(OCoLC)51638347</subfield></datafield><datafield ind1="1" ind2="4" tag="780"><subfield code="t">Cross</subfield></datafield><datafield ind1="0" ind2="0" tag="785"><subfield code="t">Cross and journal</subfield><subfield code="w">(DLC)  2003221002</subfield><subfield code="w">(OCoLC)51638431</subfield></datafield><datafield ind1=" " ind2="0" tag="830"><subfield code="a">ATLA serials preservation program ;</subfield><subfield code="v">ATLA film R0105B.</subfield></datafield><datafield ind1="1" ind2=" " tag="029"><subfield code="a">AU@</subfield><subfield code="b">000024426839</subfield></datafield></record>